@MISC{Note1,note="We assume this to be the baseline layout."}
@MISC{Note2,note="The weights for the taper are generated using a Butterworth function."}
